<?xml version="1.0" encoding="UTF-8"?><record xmlns="http://www.loc.gov/MARC21/slim" xmlns:cinclude="http://apache.org/cocoon/include/1.0" xmlns:zs="http://www.loc.gov/zing/srw/">
  <leader>00674nz  a2200121n  4500</leader>
  <controlfield tag="001">n  97122146 </controlfield>
  <controlfield tag="003">DLC</controlfield>
  <controlfield tag="005">19971216083843.1</controlfield>
  <controlfield tag="008">971210n| acannaab|          |n aaa |||  </controlfield>
  <datafield tag="010" ind1=" " ind2=" ">
    <subfield code="a">n  97122146 </subfield>
  </datafield>
  <datafield tag="040" ind1=" " ind2=" ">
    <subfield code="a">DLC</subfield>
    <subfield code="c">DLC</subfield>
  </datafield>
  <datafield tag="100" ind1="1" ind2="0">
    <subfield code="a">Burgess, J. C.</subfield>
  </datafield>
  <datafield tag="670" ind1=" " ind2=" ">
    <subfield code="a">With a horse called George along ... 1996:</subfield>
    <subfield code="b">t.p. (J.C. Burgess) colophon (philosopher-poet, teacher, photographer, and writer of fiction and nonfiction; taught philosophy, writing, and linguistics at universities in U.S.; published articles on social commentary, law, philosophy, angling, and wine making; occasionally practices law in Idaho Falls, Idaho, representing visual and literary artists; officer in Group Caldera)</subfield>
  </datafield>
</record>